@article{MapReduceGoogle,
  title={MapReduce: Simplified Data Processing on Large Clusters},
  author={Dean, Jeffrey and Ghemawat, Sanjay},
  journal={Communications of the ACM},
  volume={51},
  number={1},
  pages={107--113},
  year={2008},
  publisher={ACM},
  url={https://research.google.com/pubs/pub62.html},
  note={Fundational paper introducing the MapReduce paradigm for distributed computing}
}

@inproceedings{SparkClusters,
  title={Spark: Cluster Computing with Working Sets},
  author={Zaharia, Matei and Chowdhury, Mosharaf and Franklin, Michael J and Shenker, Scott and Stoica, Ion},
  booktitle={Proceedings of the 2nd USENIX Conference on Hot Topics in Cloud Computing},
  pages={10--10},
  year={2010},
  organization={USENIX Association},
  address={Boston, MA},
  url={http://people.csail.mit.edu/matei/papers/2010/hotcloud_spark.pdf},
  note={Original Spark paper introducing Resilient Distributed Datasets (RDDs)}
}

@book{PMBOK,
  title={A Guide to the Project Management Body of Knowledge (PMBOK Guide)},
  author={{Project Management Institute}},
  edition={7th},
  year={2021},
  publisher={Project Management Institute},
  address={Newtown Square, PA},
  isbn={978-1-62825-664-2},
  note={Standard for project management practices and schedule compression techniques}
}

@book{Kerzner2017,
  title={Project Management: A Systems Approach to Planning, Scheduling, and Controlling},
  author={Kerzner, Harold},
  edition={12th},
  year={2017},
  publisher={John Wiley \& Sons},
  address={Hoboken, NJ},
  isbn={978-1-119-16535-4},
  note={Comprehensive guide to project management methodologies and scheduling optimization}
}

@misc{HadoopOfficial,
  title={Apache Hadoop},
  howpublished={\url{https://hadoop.apache.org/}},
  note={Official Apache Hadoop website and documentation},
  year={2024}
}

@misc{SparkOfficial,
  title={Apache Spark},
  howpublished={\url{https://spark.apache.org/}},
  note={Official Apache Spark website and documentation},
  year={2024}
}

@article{GhemawatGFS,
  title={The Google File System},
  author={Ghemawat, Sanjay and Gobioff, Howard and Leung, Shun-Tak},
  journal={ACM SIGOPS Operating Systems Review},
  volume={37},
  number={5},
  pages={29--43},
  year={2003},
  publisher={ACM},
  note={Distributed file system that inspired HDFS and similar systems}
}

@inproceedings{BigtableGoogle,
  title={Bigtable: A Distributed Storage System for Structured Data},
  author={Chang, Fay and Dean, Jeffrey and Ghemawat, Sanjay and Hsieh, Wilson C and Wallach, Deborah A and Burrows, Mike and Chandra, Tushar and Fikes, Andrew and Gruber, Robert E},
  booktitle={Proceedings of the 7th USENIX Symposium on Operating Systems Design and Implementation},
  pages={205--218},
  year={2006},
  organization={USENIX Association}
}

@article{Dean2012,
  title={Large-scale Distributed Systems at Google: Current Systems and Future Directions},
  author={Dean, Jeffrey},
  journal={Keynote at WSDM},
  year={2012},
  note={Overview of Google's distributed systems architecture and lessons learned}
}

@book{DistributedSystems,
  title={Distributed Systems: Concepts and Design},
  author={Coulouris, George and Dollimore, Jean and Kindberg, Tim and Blair, Gordon},
  edition={5th},
  year={2011},
  publisher={Addison-Wesley},
  isbn={978-0-13-214301-1},
  note={Comprehensive textbook on distributed systems principles and architectures}
}